
%
%  $Description: Sample bibliography$ 
% 
%  $Author: ienne $ 
%  $Date: 1995/09/15 15:19:53 $
%  $Revision: 1.3 $
%

@Book{ex1,
   author =   "F.S. HILL, JR., STEPHEN M. KELLEY", 
   title =   "Computer Graphics Using OpenGL", 
   publisher =   "Prentice Hall",
   year =   "2007"
}

@Article{ex2,
   author =   "Alex Mohr, Michael Gleicher",
   title =   "Building Efficient, Accurate Character Skins from Example", 
   journal =   "SIGGRAPH 2003",
%   month = "January",
%   number = "7",
   year =   "2003",
%   volume =   "99",
%   pages =   "1-100",
}

@Article{ex3,
   author =   "M. Meredith, S.Maddock",
   title =   "Motion Capture File Formats Explained", 
   journal =   "Department of Computer Science, University of Sheffield",
%   month = "January",
%   number = "7",
   year =   "2003",
%   volume =   "99",
%   pages =   "1-100",
}

